<record><leader>00000cas a22000007a 4500</leader><controlfield tag="001">25683568</controlfield><controlfield tag="008">920421d19091952scuwr ne      0    0eng d</controlfield><datafield ind1=" " ind2=" " tag="010"><subfield code="a">sn 92065536 </subfield></datafield><datafield ind1=" " ind2=" " tag="040"><subfield code="a">SVN</subfield><subfield code="b">eng</subfield><subfield code="c">SVN</subfield><subfield code="d">OCLCQ</subfield><subfield code="d">SUC</subfield><subfield code="d">OCLCF</subfield></datafield><datafield ind1="1" ind2=" " tag="029"><subfield code="a">AU@</subfield><subfield code="b">000020694251</subfield></datafield><datafield ind1=" " ind2=" " tag="042"><subfield code="a">msc</subfield></datafield><datafield ind1=" " ind2=" " tag="043"><subfield code="a">n-us-sc</subfield></datafield><datafield ind1="0" ind2="0" tag="245"><subfield code="a">Tugaloo tribune.</subfield></datafield><datafield ind1=" " ind2=" " tag="260"><subfield code="a">Westminster, S.C. :</subfield><subfield code="b">Gaillard and Gossett</subfield></datafield><datafield ind1=" " ind2=" " tag="300"><subfield code="a">v.</subfield></datafield><datafield ind1=" " ind2=" " tag="310"><subfield code="a">Weekly</subfield></datafield><datafield ind1="1" ind2=" " tag="362"><subfield code="a">Began in 1909; ceased in 1952.</subfield></datafield><datafield ind1=" " ind2=" " tag="588"><subfield code="a">Description based on: Vol. 1, no. 6 (Aug. 24, 1909).</subfield></datafield><datafield ind1=" " ind2="0" tag="651"><subfield code="a">Oconee County (S.C.)</subfield><subfield code="v">Newspapers.</subfield></datafield><datafield ind1=" " ind2="7" tag="655"><subfield code="a">Newspapers.</subfield><subfield code="2">fast</subfield><subfield code="0">(OCoLC)fst01423814</subfield></datafield><datafield ind1=" " ind2="7" tag="651"><subfield code="a">South Carolina</subfield><subfield code="z">Oconee County.</subfield><subfield code="2">fast</subfield><subfield code="0">(OCoLC)fst01221072</subfield></datafield><datafield ind1=" " ind2=" " tag="752"><subfield code="a">United States</subfield><subfield code="b">South Carolina</subfield><subfield code="c">Oconee</subfield><subfield code="d">Westminster.</subfield></datafield><datafield ind1="0" ind2="7" tag="785"><subfield code="t">Seneca journal (Seneca, S.C. : 1930)</subfield><subfield code="w">(DLC)sn 93067651</subfield><subfield code="w">(OCoLC)27827927</subfield></datafield><datafield ind1="0" ind2="7" tag="785"><subfield code="t">Journal and tribune</subfield><subfield code="w">(DLC)sn 85042895</subfield><subfield code="w">(OCoLC)12958558</subfield></datafield></record>